<?xml version="1.0" encoding="UTF-8"?><collection xmlns="http://www.loc.gov/MARC21/slim"><record><leader>00484nam--2200193-i-4500</leader><controlfield tag="001">000000308</controlfield><controlfield tag="002">20161230</controlfield><controlfield tag="005">20161230201024</controlfield><controlfield tag="008">060222s1000------------r-----000-0-ita-d</controlfield><datafield ind1=" " ind2=" " tag="040"><subfield code="a">IFIN-HH</subfield></datafield><datafield ind1=" " ind2=" " tag="041"><subfield code="a">ita</subfield></datafield><datafield ind1=" " ind2=" " tag="080"><subfield code="a">539.1</subfield></datafield><datafield ind1="1" ind2=" " tag="100"><subfield code="a">Amaldi, Ginestra</subfield></datafield><datafield ind1="1" ind2="0" tag="245"><subfield code="a">Materia e antimateria</subfield><subfield code="c">Ginestra amaldi</subfield></datafield><datafield ind1=" " ind2=" " tag="260"><subfield code="a">Verona</subfield><subfield code="b">Arnoldo Mondadori Editore</subfield></datafield><datafield ind1=" " ind2=" " tag="300"><subfield code="a">439P</subfield></datafield><datafield ind1=" " ind2=" " tag="490"><subfield code="a">Biblioteca Moderna Mondadori</subfield></datafield><datafield ind1=" " ind2=" " tag="852"><subfield code="a">18038</subfield><subfield code="c">539</subfield></datafield><datafield ind1=" " ind2=" " tag="CAT"><subfield code="a">Sys</subfield><subfield code="c">20110927</subfield><subfield code="h">144259</subfield></datafield></record></collection>